<record><leader>04518nam a2200745 i 4500</leader><controlfield tag="001">6855769</controlfield><controlfield tag="003">MiAaPQ</controlfield><controlfield tag="006">m     o  d |      </controlfield><controlfield tag="007">cr cnu||||||||</controlfield><controlfield tag="008">150120s2015    njuad   ob    001 0 eng|d</controlfield><datafield ind1=" " ind2=" " tag="020"><subfield code="a">9781118452561 (e-book)</subfield></datafield><datafield ind1=" " ind2=" " tag="020"><subfield code="z">9781118452585 (hardback)</subfield></datafield><datafield ind1=" " ind2=" " tag="035"><subfield code="a">ocn913057879</subfield></datafield><datafield ind1=" " ind2=" " tag="039"><subfield code="a">exclude</subfield></datafield><datafield ind1=" " ind2=" " tag="040"><subfield code="a">MiAaPQ</subfield><subfield code="b">eng</subfield><subfield code="e">rda</subfield><subfield code="e">pn</subfield><subfield code="c">MiAaPQ</subfield><subfield code="d">MiAaPQ</subfield><subfield code="d">AEU</subfield></datafield><datafield ind1=" " ind2="4" tag="050"><subfield code="a">GC89</subfield><subfield code="b">.H355 2015</subfield></datafield><datafield ind1="0" ind2=" " tag="082"><subfield code="a">551.45/8072</subfield><subfield code="2">23</subfield></datafield><datafield ind1=" " ind2=" " tag="090"><subfield code="a">Internet Access</subfield><subfield code="b">AEC</subfield></datafield><datafield ind1=" " ind2=" " tag="090"><subfield code="a">Internet Access</subfield><subfield code="b">AGPC</subfield></datafield><datafield ind1=" " ind2=" " tag="090"><subfield code="a">Internet Access</subfield><subfield code="b">AEGMCT</subfield></datafield><datafield ind1=" " ind2=" " tag="090"><subfield code="a">Internet Access</subfield><subfield code="b">ARDC</subfield></datafield><datafield ind1=" " ind2=" " tag="090"><subfield code="a">Internet Access</subfield><subfield code="b">AEC</subfield></datafield><datafield ind1=" " ind2=" " tag="090"><subfield code="a">Internet Access</subfield><subfield code="b">AGPC</subfield></datafield><datafield ind1=" " ind2=" " tag="090"><subfield code="a">Internet Access</subfield><subfield code="b">AEGMCT</subfield></datafield><datafield ind1=" " ind2=" " tag="090"><subfield code="a">Internet Access</subfield><subfield code="b">ARDC</subfield></datafield><datafield ind1=" " ind2=" " tag="090"><subfield code="a">Internet Access</subfield><subfield code="b">AEU</subfield></datafield><datafield ind1="0" ind2="0" tag="245"><subfield code="a">Handbook of sea-level research /</subfield><subfield code="c">edited by Professor Ian Shennan, Antony J. Long, Benjamin P. Horton.</subfield></datafield><datafield ind1=" " ind2="1" tag="264"><subfield code="a">Hoboken, New Jersey :</subfield><subfield code="b">Wiley-Blackwell,</subfield><subfield code="c">2015.</subfield></datafield><datafield ind1=" " ind2=" " tag="300"><subfield code="a">1 online resource (634 pages) :</subfield><subfield code="b">illustrations (some color)</subfield></datafield><datafield ind1=" " ind2=" " tag="336"><subfield code="a">text</subfield><subfield code="2">rdacontent</subfield></datafield><datafield ind1=" " ind2=" " tag="337"><subfield code="a">computer</subfield><subfield code="b">c</subfield><subfield code="2">rdamedia</subfield></datafield><datafield ind1=" " ind2=" " tag="338"><subfield code="a">online resource</subfield><subfield code="b">cr</subfield><subfield code="2">rdacarrier</subfield></datafield><datafield ind1=" " ind2=" " tag="504"><subfield code="a">Includes bibliographical references and index.</subfield></datafield><datafield ind1=" " ind2=" " tag="506"><subfield code="a">Access restricted to authorized users and institutions.</subfield></datafield><datafield ind1=" " ind2=" " tag="588"><subfield code="a">Description based on print version record.</subfield></datafield><datafield ind1=" " ind2=" " tag="596"><subfield code="a">21 35 44 57 60</subfield></datafield><datafield ind1=" " ind2="0" tag="650"><subfield code="a">Climatic changes.</subfield></datafield><datafield ind1=" " ind2="0" tag="650"><subfield code="a">Sea level</subfield><subfield code="x">Research.</subfield></datafield><datafield ind1="1" ind2=" " tag="700"><subfield code="a">Horton, B. P.</subfield><subfield code="q">(Benjamin P.),</subfield><subfield code="e">editor.</subfield></datafield><datafield ind1="1" ind2=" " tag="700"><subfield code="a">Long, Antony,</subfield><subfield code="e">editor.</subfield></datafield><datafield ind1="1" ind2=" " tag="700"><subfield code="a">Shennan, Ian,</subfield><subfield code="e">editor.</subfield></datafield><datafield ind1="4" ind2="0" tag="856"><subfield code="3">Concordia University of Edmonton Access</subfield><subfield code="u">http://ebookcentral.proquest.com/lib/concordiaab-ebooks/detail.action?docID=1895453</subfield><subfield code="z">(Unlimited Concurrent Users)</subfield><subfield code="z">from Ebook Central Academic Complete</subfield></datafield><datafield ind1="4" ind2="0" tag="856"><subfield code="3">Grande Prairie Regional College Access</subfield><subfield code="u">http://ebookcentral.proquest.com/lib/gprc-ebooks/detail.action?docID=1895453</subfield><subfield code="z">(Unlimited Concurrent Users)</subfield><subfield code="z">from Ebook Central Academic Complete</subfield></datafield><datafield ind1="4" ind2="0" tag="856"><subfield code="3">MacEwan University Access</subfield><subfield code="u">http://ebookcentral.proquest.com/lib/macewan-ebooks/detail.action?docID=1895453</subfield><subfield code="z">(Unlimited Concurrent Users)</subfield><subfield code="z">from Ebook Central Academic Complete</subfield></datafield><datafield ind1="4" ind2="0" tag="856"><subfield code="3">Red Deer College Access</subfield><subfield code="u">http://ebookcentral.proquest.com/lib/rdc/detail.action?docID=1895453</subfield><subfield code="z">(Unlimited Concurrent Users)</subfield><subfield code="z">from Ebook Central Academic Complete</subfield></datafield><datafield ind1="4" ind2="0" tag="856"><subfield code="3">Concordia University of Edmonton Access</subfield><subfield code="u">http://site.ebrary.com/lib/concordiaab/Doc?id=11005734</subfield><subfield code="z">(Unlimited Concurrent Users)</subfield><subfield code="z">from ebrary Academic Complete</subfield></datafield><datafield ind1="4" ind2="0" tag="856"><subfield code="3">Grande Prairie Regional College Access</subfield><subfield code="u">http://ezproxy.agpc.talonline.ca:80/login?url=http://site.ebrary.com/lib/gprc/Doc?id=11005734</subfield><subfield code="z">(Unlimited Concurrent Users)</subfield><subfield code="z">from ebrary Academic Complete</subfield></datafield><datafield ind1="4" ind2="0" tag="856"><subfield code="3">MacEwan University Access</subfield><subfield code="u">http://site.ebrary.com/lib/macewan/Doc?id=11005734</subfield><subfield code="z">(Unlimited Concurrent Users)</subfield><subfield code="z">from ebrary Academic Complete</subfield></datafield><datafield ind1="4" ind2="0" tag="856"><subfield code="3">Red Deer College Access</subfield><subfield code="u">http://site.ebrary.com/lib/rdcollege/Doc?id=11005734</subfield><subfield code="z">(Unlimited Concurrent Users)</subfield><subfield code="z">from ebrary Academic Complete</subfield></datafield><datafield ind1="4" ind2="0" tag="856"><subfield code="3">University of Alberta Access</subfield><subfield code="u">http://dx.doi.org/10.1002/9781118452547</subfield><subfield code="z">(Unlimited Concurrent Users)</subfield></datafield><datafield ind1=" " ind2=" " tag="949"><subfield code="h">UAIN</subfield><subfield code="m">CONCORDIA</subfield><subfield code="z">EBCACCN</subfield></datafield><datafield ind1=" " ind2=" " tag="949"><subfield code="h">UAIN</subfield><subfield code="m">GPRC_INT</subfield><subfield code="z">EBCACGP</subfield></datafield><datafield ind1=" " ind2=" " tag="949"><subfield code="h">UAIN</subfield><subfield code="m">GR_MAC_INT</subfield><subfield code="z">EBCACMAC</subfield></datafield><datafield ind1=" " ind2=" " tag="949"><subfield code="h">UAIN</subfield><subfield code="m">RED_DEER_C</subfield><subfield code="z">EBCACRD</subfield></datafield><datafield ind1=" " ind2=" " tag="919"><subfield code="a">EBC1895453</subfield></datafield><datafield ind1=" " ind2=" " tag="919"><subfield code="a">ebr11005734</subfield></datafield><datafield ind1=" " ind2=" " tag="926"><subfield code="a">Internet Access</subfield><subfield code="w">LC</subfield><subfield code="c">1</subfield><subfield code="i">6855769-1001</subfield><subfield code="l">INTERNET</subfield><subfield code="m">UAINTERNET</subfield><subfield code="r">Y</subfield><subfield code="s">Y</subfield><subfield code="t">E-RESOURCE</subfield><subfield code="u">3/9/2015</subfield><subfield code="x">E-BOOK</subfield><subfield code="z">WILEYOL</subfield></datafield><datafield ind1=" " ind2=" " tag="926"><subfield code="a">Internet Access</subfield><subfield code="w">LC</subfield><subfield code="c">1</subfield><subfield code="i">6855769-2001</subfield><subfield code="k">DISCARD</subfield><subfield code="l">INTERNET</subfield><subfield code="m">CONCORDIA</subfield><subfield code="r">Y</subfield><subfield code="s">Y</subfield><subfield code="t">E-RESOURCE</subfield><subfield code="u">6/27/2016</subfield><subfield code="x">E-BOOK</subfield><subfield code="z">EBRARYACCN</subfield></datafield><datafield ind1=" " ind2=" " tag="926"><subfield code="a">Internet Access</subfield><subfield code="w">LC</subfield><subfield code="c">2</subfield><subfield code="i">6855769-2002</subfield><subfield code="l">INTERNET</subfield><subfield code="m">CONCORDIA</subfield><subfield code="r">Y</subfield><subfield code="s">Y</subfield><subfield code="t">E-RESOURCE</subfield><subfield code="u">3/9/2017</subfield><subfield code="x">E-BOOK</subfield><subfield code="z">EBCACCN</subfield></datafield><datafield ind1=" " ind2=" " tag="926"><subfield code="a">Internet Access</subfield><subfield code="w">LC</subfield><subfield code="c">1</subfield><subfield code="i">6855769-3001</subfield><subfield code="k">DISCARD</subfield><subfield code="l">INTERNET</subfield><subfield code="m">GPRC_INT</subfield><subfield code="r">Y</subfield><subfield code="s">Y</subfield><subfield code="t">E-RESOURCE</subfield><subfield code="u">6/27/2016</subfield><subfield code="x">E-BOOK</subfield><subfield code="z">EBRARYACGP</subfield></datafield><datafield ind1=" " ind2=" " tag="926"><subfield code="a">Internet Access</subfield><subfield code="w">LC</subfield><subfield code="c">2</subfield><subfield code="i">6855769-3002</subfield><subfield code="l">INTERNET</subfield><subfield code="m">GPRC_INT</subfield><subfield code="r">Y</subfield><subfield code="s">Y</subfield><subfield code="t">E-RESOURCE</subfield><subfield code="u">3/9/2017</subfield><subfield code="x">E-BOOK</subfield><subfield code="z">EBCACGP</subfield></datafield><datafield ind1=" " ind2=" " tag="926"><subfield code="a">Internet Access</subfield><subfield code="w">LC</subfield><subfield code="c">1</subfield><subfield code="i">6855769-4001</subfield><subfield code="k">DISCARD</subfield><subfield code="l">INTERNET</subfield><subfield code="m">GR_MAC_INT</subfield><subfield code="r">Y</subfield><subfield code="s">Y</subfield><subfield code="t">E-RESOURCE</subfield><subfield code="u">6/27/2016</subfield><subfield code="x">E-BOOK</subfield><subfield code="z">EBRARYACGM</subfield></datafield><datafield ind1=" " ind2=" " tag="926"><subfield code="a">Internet Access</subfield><subfield code="w">LC</subfield><subfield code="c">2</subfield><subfield code="i">6855769-4002</subfield><subfield code="l">INTERNET</subfield><subfield code="m">GR_MAC_INT</subfield><subfield code="r">Y</subfield><subfield code="s">Y</subfield><subfield code="t">E-RESOURCE</subfield><subfield code="u">3/9/2017</subfield><subfield code="x">E-BOOK</subfield><subfield code="z">EBCACMAC</subfield></datafield><datafield ind1=" " ind2=" " tag="926"><subfield code="a">Internet Access</subfield><subfield code="w">LC</subfield><subfield code="c">1</subfield><subfield code="i">6855769-5001</subfield><subfield code="k">DISCARD</subfield><subfield code="l">INTERNET</subfield><subfield code="m">RED_DEER_C</subfield><subfield code="r">Y</subfield><subfield code="s">Y</subfield><subfield code="t">E-RESOURCE</subfield><subfield code="u">6/27/2016</subfield><subfield code="x">E-BOOK</subfield><subfield code="z">EBRARYACRD</subfield></datafield><datafield ind1=" " ind2=" " tag="926"><subfield code="a">Internet Access</subfield><subfield code="w">LC</subfield><subfield code="c">2</subfield><subfield code="i">6855769-5002</subfield><subfield code="l">INTERNET</subfield><subfield code="m">RED_DEER_C</subfield><subfield code="r">Y</subfield><subfield code="s">Y</subfield><subfield code="t">E-RESOURCE</subfield><subfield code="u">3/9/2017</subfield><subfield code="x">E-BOOK</subfield><subfield code="z">EBCACRD</subfield></datafield></record>